@ARTICLE{2022ApJ...927..227L,
       author = {{Lyu}, Bing and {Wu}, Qingwen and {Yan}, Zhen and {Yu}, Wenfei and {Liu}, Hao},
        title = "{WISE View of Changing-look Active Galactic Nuclei: Evidence for a Transitional Stage of AGNs}",
      journal = {\apj},
     keywords = {Active galactic nuclei, Seyfert galaxies, Quasars, LINER galaxies, Reverberation mapping, 16, 1447, 1319, 925, 2019, Astrophysics - High Energy Astrophysical Phenomena},
         year = 2022,
        month = mar,
       volume = {927},
       number = {2},
          eid = {227},
        pages = {227},
          doi = {10.3847/1538-4357/ac5256},
archivePrefix = {arXiv},
       eprint = {2202.02718},
 primaryClass = {astro-ph.HE},
       adsurl = {https://ui.adsabs.harvard.edu/abs/2022ApJ...927..227L},
      adsnote = {Provided by the SAO/NASA Astrophysics Data System}
}

@ARTICLE{2022ApJ...930...46L,
       author = {{Liu}, Hao and {Wu}, Qingwen and {Lyu}, Bing},
        title = "{Coevolution of Broad Emission Lines and X-Ray Spectrum in Changing-look AGNs}",
      journal = {\apj},
     keywords = {Active galactic nuclei, Accretion, Black hole physics, 16, 14, 159, Astrophysics - High Energy Astrophysical Phenomena},
         year = 2022,
        month = may,
       volume = {930},
       number = {1},
          eid = {46},
        pages = {46},
          doi = {10.3847/1538-4357/ac5fa5},
archivePrefix = {arXiv},
       eprint = {2206.02011},
 primaryClass = {astro-ph.HE},
       adsurl = {https://ui.adsabs.harvard.edu/abs/2022ApJ...930...46L},
      adsnote = {Provided by the SAO/NASA Astrophysics Data System}
}





@ARTICLE{2021MNRAS.506.4188L,
       author = {{Lyu}, Bing and {Yan}, Zhen and {Yu}, Wenfei and {Wu}, Qingwen},
        title = "{Long-term and multiwavelength evolution of a changing-look AGN Mrk 1018}",
      journal = {\mnras},
     keywords = {galaxies: nuclei, galaxies: Seyfert, galaxies: individual: Mrk 1018, Astrophysics - High Energy Astrophysical Phenomena},
         year = 2021,
        month = sep,
       volume = {506},
       number = {3},
        pages = {4188-4198},
          doi = {10.1093/mnras/stab1581},
archivePrefix = {arXiv},
       eprint = {2106.03059},
 primaryClass = {astro-ph.HE},
       adsurl = {https://ui.adsabs.harvard.edu/abs/2021MNRAS.506.4188L},
      adsnote = {Provided by the SAO/NASA Astrophysics Data System}
}



%Coevolution of broad emission lines and X-ray spetrum in changing-look AGNs. APJ, 2021, under review

